<record><leader>00000cas a22000007a 4500</leader><controlfield tag="001">44496888</controlfield><controlfield tag="008">000628d1939194uvaumr ne      0    0eng d</controlfield><datafield ind1=" " ind2=" " tag="010"><subfield code="a">sn 00064429 </subfield></datafield><datafield ind1=" " ind2=" " tag="040"><subfield code="a">NVK</subfield><subfield code="b">eng</subfield><subfield code="c">NVK</subfield><subfield code="d">OCLCO</subfield></datafield><datafield ind1="1" ind2=" " tag="029"><subfield code="a">AU@</subfield><subfield code="b">000021635086</subfield></datafield><datafield ind1=" " ind2=" " tag="042"><subfield code="a">msc</subfield></datafield><datafield ind1=" " ind2=" " tag="043"><subfield code="a">n-us-va</subfield></datafield><datafield ind1="0" ind2="0" tag="245"><subfield code="a">Wilderness krier.</subfield></datafield><datafield ind1=" " ind2=" " tag="260"><subfield code="a">Wilderness, Va. :</subfield><subfield code="b">C.C.C. Co. 2329,</subfield><subfield code="c">[1939-</subfield></datafield><datafield ind1=" " ind2=" " tag="300"><subfield code="a">v.</subfield></datafield><datafield ind1=" " ind2=" " tag="310"><subfield code="a">Monthly</subfield></datafield><datafield ind1="0" ind2=" " tag="362"><subfield code="a">[Nov. 1939]-</subfield></datafield><datafield ind1="1" ind2=" " tag="362"><subfield code="a">Ceased in 1941?</subfield></datafield><datafield ind1=" " ind2=" " tag="500"><subfield code="a">First issue is untitled.</subfield></datafield><datafield ind1=" " ind2=" " tag="500"><subfield code="a">Company 2329 was previously stationed in Marienville, Pa.</subfield></datafield><datafield ind1=" " ind2=" " tag="515"><subfield code="a">Several issues are not dated.</subfield></datafield><datafield ind1=" " ind2=" " tag="530"><subfield code="a">Available on microfiche from the Center for Research Libraries.</subfield></datafield><datafield ind1=" " ind2=" " tag="580"><subfield code="a">C.C.C. Co. 2329 previously published: Rock Spring overflow.</subfield></datafield><datafield ind1="2" ind2="0" tag="610"><subfield code="a">Civilian Conservation Corps (U.S.)</subfield><subfield code="v">Newspapers.</subfield></datafield><datafield ind1=" " ind2="0" tag="651"><subfield code="a">Wilderness (Va.)</subfield><subfield code="v">Newspapers.</subfield></datafield><datafield ind1="2" ind2=" " tag="710"><subfield code="a">Civilian Conservation Corps (U.S.).</subfield><subfield code="b">Company 2329 (Wilderness, Va.)</subfield></datafield><datafield ind1=" " ind2=" " tag="752"><subfield code="a">United States</subfield><subfield code="b">Virginia</subfield><subfield code="c">Orange</subfield><subfield code="d">Wilderness.</subfield></datafield><datafield ind1="1" ind2=" " tag="787"><subfield code="t">Rock Spring overflow</subfield><subfield code="w">(DLC)sn 00064401</subfield></datafield><datafield ind1=" " ind2=" " tag="936"><subfield code="a">Vol. 2, no. 5 (Mar. 1941) LIC</subfield></datafield></record>